@inproceedings{goel2021symmetry,
  title={{On Symmetry and Quantification: A New Approach to Verify Distributed Protocols}},
  author={Goel, Aman and Sakallah, Karem},
  booktitle={NASA Formal Methods Symposium},
  pages={131--150},
  year={2021},
  organization={Springer}
}
